<?xml version="1.0" encoding="UTF-8"?><collection xmlns="http://www.loc.gov/MARC21/slim"><record><leader>00488nam--2200181-i-4500</leader><controlfield tag="001">000037544</controlfield><controlfield tag="002">20161230</controlfield><controlfield tag="005">20170106170133</controlfield><controlfield tag="008">060222s1000------------r-----000-0-rus-d</controlfield><datafield ind1=" " ind2=" " tag="040"><subfield code="a">IFIN-HH</subfield></datafield><datafield ind1=" " ind2=" " tag="041"><subfield code="a">rus</subfield></datafield><datafield ind1=" " ind2=" " tag="080"><subfield code="a">539.1(075.8):539.172.3(075.8):539.2</subfield></datafield><datafield ind1="1" ind2=" " tag="100"><subfield code="a">Kaipov, D. K</subfield></datafield><datafield ind1="1" ind2="0" tag="245"><subfield code="a">Iadernih gamma-rezonans i solutstvuyusie emu protessi</subfield><subfield code="c">D.K. Kaipov</subfield></datafield><datafield ind1=" " ind2=" " tag="260"><subfield code="a">Alma-Ata</subfield><subfield code="b">Nauka</subfield><subfield code="c">1976</subfield></datafield><datafield ind1=" " ind2=" " tag="300"><subfield code="a">171 p</subfield></datafield><datafield ind1=" " ind2=" " tag="852"><subfield code="a">43827</subfield><subfield code="c">539.163.2</subfield></datafield><datafield ind1=" " ind2=" " tag="CAT"><subfield code="a">SYS</subfield><subfield code="c">20170106</subfield><subfield code="h">170133</subfield></datafield></record></collection>